<record><leader>00000cas a22000007a 4500</leader><controlfield tag="001">11704653</controlfield><controlfield tag="008">850218d18691997vauwr ne      0   a0eng d</controlfield><controlfield tag="009">3768</controlfield><datafield ind1=" " ind2=" " tag="010"><subfield code="a">sn 85025371 </subfield></datafield><datafield ind1=" " ind2=" " tag="040"><subfield code="a">NPX</subfield><subfield code="b">eng</subfield><subfield code="c">NPX</subfield><subfield code="d">NPU</subfield><subfield code="d">NVK</subfield><subfield code="d">OCLCQ</subfield><subfield code="d">NVK</subfield><subfield code="d">DLC</subfield><subfield code="d">NVK</subfield><subfield code="d">OCLCF</subfield></datafield><datafield ind1=" " ind2=" " tag="012"><subfield code="l">a</subfield></datafield><datafield ind1="1" ind2=" " tag="022"><subfield code="a">2157-3328</subfield><subfield code="2">1</subfield></datafield><datafield ind1=" " ind2=" " tag="042"><subfield code="a">msc</subfield><subfield code="a">nsdp</subfield></datafield><datafield ind1=" " ind2=" " tag="043"><subfield code="a">n-us-va</subfield></datafield><datafield ind1="0" ind2="0" tag="050"><subfield code="a">Newspaper</subfield></datafield><datafield ind1="0" ind2=" " tag="130"><subfield code="a">Clarke courier (Berryville, Va.)</subfield></datafield><datafield ind1=" " ind2="0" tag="222"><subfield code="a">Clarke courier</subfield><subfield code="b">(Berryville, Va.)</subfield></datafield><datafield ind1="1" ind2="0" tag="245"><subfield code="a">Clarke courier.</subfield></datafield><datafield ind1=" " ind2=" " tag="260"><subfield code="a">Berryville, Va. :</subfield><subfield code="b">William N. Nelson,</subfield><subfield code="c">1869-1997.</subfield></datafield><datafield ind1=" " ind2=" " tag="300"><subfield code="a">v. ;</subfield><subfield code="c">60 cm.</subfield></datafield><datafield ind1=" " ind2=" " tag="310"><subfield code="a">Weekly</subfield></datafield><datafield ind1="0" ind2=" " tag="362"><subfield code="a">Vol. 1, no. 1 (Feb. 19, 1869)-128th year, no. 26 (June 25, 1997).</subfield></datafield><datafield ind1=" " ind2=" " tag="500"><subfield code="a">Published by: John O. Crown, Dec. 14, 1870-&lt;&gt; ; Arthur Arundel, &lt;1985&gt; ; Arundel Newspapers, &lt;1985-1992&gt; ; Arcom Pub., &lt;1992-1997&gt; ; Times Community Newspapers, Jan. 1997-</subfield></datafield><datafield ind1=" " ind2=" " tag="530"><subfield code="a">Archived issues are available in digital format as part of the Library of Congress Chronicling America online collection.</subfield></datafield><datafield ind1=" " ind2=" " tag="580"><subfield code="a">Various publishing companies, under Arthur and Peter Arundel, published: Reston times, Herndon times, Centreville times, Chantilly times, Burke times, Loudoun times-mirror, Eastern Loudoun times, Fauquier democrat, Fauquier times-democrat, Vienna times, McLean times, Providence journal and McLean times, Rappahannock news, Springfield times courier, Great Falls times, Fairfax times, Fairfax Station times.</subfield></datafield><datafield ind1=" " ind2="0" tag="651"><subfield code="a">Clarke County (Va.)</subfield><subfield code="v">Newspapers.</subfield></datafield><datafield ind1=" " ind2="0" tag="651"><subfield code="a">Berryville (Va.)</subfield><subfield code="v">Newspapers.</subfield></datafield><datafield ind1=" " ind2="7" tag="655"><subfield code="a">Newspapers.</subfield><subfield code="2">fast</subfield><subfield code="0">(OCoLC)fst01423814</subfield></datafield><datafield ind1=" " ind2="7" tag="651"><subfield code="a">Virginia</subfield><subfield code="z">Berryville.</subfield><subfield code="2">fast</subfield><subfield code="0">(OCoLC)fst01227169</subfield></datafield><datafield ind1=" " ind2="7" tag="651"><subfield code="a">Virginia</subfield><subfield code="z">Clarke County.</subfield><subfield code="2">fast</subfield><subfield code="0">(OCoLC)fst01215026</subfield></datafield><datafield ind1="1" ind2=" " tag="700"><subfield code="a">Arundel, Arthur.</subfield></datafield><datafield ind1="1" ind2=" " tag="700"><subfield code="a">Arundel, Peter.</subfield></datafield><datafield ind1=" " ind2=" " tag="752"><subfield code="a">United States</subfield><subfield code="b">Virginia</subfield><subfield code="c">Clarke</subfield><subfield code="d">Berryville.</subfield></datafield><datafield ind1="1" ind2=" " tag="775"><subfield code="t">Burke times</subfield><subfield code="w">(DLC)sn 98068231</subfield></datafield><datafield ind1="1" ind2=" " tag="775"><subfield code="t">Reston times</subfield><subfield code="w">(DLC)sn 96095007</subfield></datafield><datafield ind1="1" ind2=" " tag="775"><subfield code="t">Herndon times</subfield><subfield code="w">(DLC)sn 98068214</subfield></datafield><datafield ind1="1" ind2=" " tag="775"><subfield code="t">Centreville times (Centreville, Va.)</subfield><subfield code="w">(DLC)sn 98068261</subfield></datafield><datafield ind1="1" ind2=" " tag="775"><subfield code="t">Chantilly times</subfield></datafield><datafield ind1="1" ind2=" " tag="775"><subfield code="t">Loudoun times-mirror</subfield><subfield code="w">(DLC)sn 83004968</subfield></datafield><datafield ind1="1" ind2=" " tag="775"><subfield code="t">Eastern Loudoun times</subfield><subfield code="w">(DLC)sn 2002061823</subfield></datafield><datafield ind1="1" ind2=" " tag="775"><subfield code="t">Fauquier democrat</subfield><subfield code="w">(DLC)sn 84024632</subfield></datafield><datafield ind1="1" ind2=" " tag="775"><subfield code="t">Fauquier times-democrat</subfield><subfield code="w">(DLC)sn 90002127</subfield></datafield><datafield ind1="1" ind2=" " tag="775"><subfield code="t">Vienna times (Vienna, Va.)</subfield><subfield code="w">(DLC)sn 98068225</subfield></datafield><datafield ind1="1" ind2=" " tag="775"><subfield code="t">McLean times</subfield><subfield code="w">(DLC)sn 97066019</subfield></datafield><datafield ind1="1" ind2=" " tag="775"><subfield code="t">Providence journal and McLean times</subfield><subfield code="w">(DLC)sn 97066018</subfield></datafield><datafield ind1="1" ind2=" " tag="775"><subfield code="t">Rappahannock news</subfield><subfield code="w">(DLC)sn 96095008</subfield></datafield><datafield ind1="1" ind2=" " tag="775"><subfield code="t">Springfield times courier</subfield><subfield code="w">(DLC)sn 85025371</subfield></datafield><datafield ind1="1" ind2=" " tag="775"><subfield code="t">Great Falls times</subfield><subfield code="w">(DLC)sn 2004061584</subfield></datafield><datafield ind1="1" ind2=" " tag="775"><subfield code="t">Fairfax times</subfield></datafield><datafield ind1="1" ind2=" " tag="775"><subfield code="t">Fairfax Station times</subfield></datafield><datafield ind1="0" ind2="0" tag="780"><subfield code="t">Clarke journal</subfield><subfield code="w">(DLC)sn 85025372</subfield><subfield code="w">(OCoLC)11704718</subfield></datafield><datafield ind1="0" ind2="0" tag="785"><subfield code="t">Clarke times-courier</subfield><subfield code="w">(DLC)sn 97066021</subfield><subfield code="w">(OCoLC)37628375</subfield></datafield><datafield ind1="4" ind2="1" tag="856"><subfield code="u">http://www.loc.gov/chroniclingamerica/lccn/sn85025371/issues</subfield></datafield><datafield ind1="4" ind2="1" tag="856"><subfield code="u">http://www.virginiachronicle.com/</subfield></datafield></record>